<record><leader>00000cas a22000007a 4500</leader><controlfield tag="001">27994793</controlfield><controlfield tag="008">930428d19842009ctuwr ne      0    0eng d</controlfield><datafield ind1=" " ind2=" " tag="010"><subfield code="a">sn 93053955 </subfield></datafield><datafield ind1=" " ind2=" " tag="040"><subfield code="a">CNW</subfield><subfield code="b">eng</subfield><subfield code="c">CNW</subfield><subfield code="d">OCLCQ</subfield><subfield code="d">CZL</subfield><subfield code="d">OCLCQ</subfield><subfield code="d">OCLCF</subfield></datafield><datafield ind1="1" ind2=" " tag="029"><subfield code="a">AU@</subfield><subfield code="b">000020738309</subfield></datafield><datafield ind1=" " ind2=" " tag="042"><subfield code="a">msc</subfield></datafield><datafield ind1=" " ind2=" " tag="043"><subfield code="a">n-us-ct</subfield></datafield><datafield ind1="0" ind2=" " tag="130"><subfield code="a">Windsor Locks journal (West Hartford, Conn.)</subfield></datafield><datafield ind1="1" ind2="4" tag="245"><subfield code="a">The Windsor Locks journal.</subfield></datafield><datafield ind1=" " ind2=" " tag="260"><subfield code="a">West Hartford, Ct. :</subfield><subfield code="b">Imprint</subfield></datafield><datafield ind1=" " ind2=" " tag="300"><subfield code="a">v.</subfield></datafield><datafield ind1=" " ind2=" " tag="310"><subfield code="a">Weekly</subfield></datafield><datafield ind1="0" ind2=" " tag="362"><subfield code="a">Vol. 105, no. 3 (Jan. 20, 1984)-</subfield></datafield><datafield ind1="1" ind2=" " tag="362"><subfield code="a">Ceased with vol. 129, no. 3 (Jan. 16, 2009).</subfield></datafield><datafield ind1=" " ind2=" " tag="500"><subfield code="a">Published in Bristol, Conn., Apr. 12, 1996-</subfield></datafield><datafield ind1=" " ind2="0" tag="651"><subfield code="a">Windsor Locks (Conn.)</subfield><subfield code="v">Newspapers.</subfield></datafield><datafield ind1=" " ind2="7" tag="655"><subfield code="a">Newspapers.</subfield><subfield code="2">fast</subfield><subfield code="0">(OCoLC)fst01423814</subfield></datafield><datafield ind1=" " ind2="7" tag="651"><subfield code="a">Connecticut</subfield><subfield code="z">Windsor Locks.</subfield><subfield code="2">fast</subfield><subfield code="0">(OCoLC)fst01219258</subfield></datafield><datafield ind1=" " ind2=" " tag="752"><subfield code="a">United States</subfield><subfield code="b">Connecticut</subfield><subfield code="c">Hartford</subfield><subfield code="d">West Hartford.</subfield></datafield><datafield ind1="0" ind2="0" tag="780"><subfield code="t">Windsor Locks journal observer</subfield><subfield code="w">(DLC)sn 93053954</subfield></datafield></record>